@manual{intel2017man,
  author = {{Intel Corporation}},
  title = {Intel 64 and IA-32 Architectures Software Developerâ€™s Manual},
  year = {2016},
  month = apr,
  organization = {Intel Corporation},
  note = {\url{http://www.intel.com/content/www/us/en/processors/architectures-software-developer-manuals.html},
   visited 2017-08-19}
}


@article{grayscaleCoeff,
    author = {International Telekommunikation Union},
    title = "{BT.709 : Parameter values for the HDTV standards for production and international programme exchange}",
    year = {2015},
    note = {\url{https://www.itu.int/dms_pubrec/itu-r/rec/bt/R-REC-BT.709-6-201506-I!!PDF-E.pdf}, visited 2024-01-31}
}

@conference{separableFilter,  
    author={Rigamonti, Roberto and Sironi, Amos and Lepetit, Vincent and Fua, Pascal},
  title="{2013 IEEE Conference on Computer Vision and Pattern Recognition}", 
  year={2013},
  pages={2756},
}

@misc{netpbm,
    title = "{PBM, PPM Format Specification}",
    note = {\url{https://netpbm.sourceforge.net/doc}, visited 31-01-2024}
}
